@article{Zadeh1965,
  doi = {10.1016/s0019-9958(65)90241-x},
  year = {1965},
  month = jun,
  publisher = {Elsevier {BV}},
  volume = {8},
  number = {3},
  pages = {338--353},
  author = {L.A. Zadeh},
  title = {Fuzzy sets},
  journal = {Information and Control}
},
@article{Zadeh1975,
  doi = {10.1016/0020-0255(75)90036-5},
  year = {1975},
  month = jan,
  publisher = {Elsevier {BV}},
  volume = {8},
  number = {3},
  pages = {199--249},
  author = {L.A. Zadeh},
  title = {The concept of a linguistic variable and its application to approximate reasoning{\textemdash}I},
  journal = {Information Sciences}
},
@article{Bransford1972,
  doi = {10.1016/s0022-5371(72)80006-9},
  year = {1972},
  month = dec,
  publisher = {Elsevier {BV}},
  volume = {11},
  number = {6},
  pages = {717--726},
  author = {John D. Bransford and Marcia K. Johnson},
  title = {Contextual prerequisites for understanding: Some investigations of comprehension and recall},
  journal = {Journal of Verbal Learning and Verbal Behavior}
},
@article{Bellman1973,
  doi = {10.1016/0020-0255(73)90009-1},
  year = {1973},
  month = jan,
  publisher = {Elsevier {BV}},
  volume = {5},
  pages = {149--156},
  author = {Richard Bellman and Magnus Giertz},
  title = {On the analytic formalism of the theory of fuzzy sets},
  journal = {Information Sciences}
},
@article{Yager1979,
  doi = {10.1016/s0020-7373(79)80016-4},
  year = {1979},
  month = mar,
  publisher = {Elsevier {BV}},
  volume = {11},
  number = {2},
  pages = {189--200},
  author = {Ronald R. Yager},
  title = {A measurement-informational discussion of fuzzy union and intersection},
  journal = {International Journal of Man-Machine Studies}
}
@article{Giles1979,
  doi = {10.1016/0165-0114(79)90029-0},
  year = {1979},
  month = jul,
  publisher = {Elsevier {BV}},
  volume = {2},
  number = {3},
  pages = {233--257},
  author = {Robin Giles},
  title = {A formal system for fuzzy reasoning},
  journal = {Fuzzy Sets and Systems}
},
@article{Yager1980,
  doi = {10.1016/0165-0114(80)90013-5},
  year = {1980},
  month = nov,
  publisher = {Elsevier {BV}},
  volume = {4},
  number = {3},
  pages = {235--242},
  author = {Ronald R. Yager},
  title = {On a general class of fuzzy connectives},
  journal = {Fuzzy Sets and Systems}
},
@article{Dombi1982,
  doi = {10.1016/0165-0114(82)90005-7},
  year = {1982},
  month = aug,
  publisher = {Elsevier {BV}},
  volume = {8},
  number = {2},
  pages = {149--163},
  author = {J. Dombi},
  title = {A general class of fuzzy operators,  the demorgan class of fuzzy operators and fuzziness measures induced by fuzzy operators},
  journal = {Fuzzy Sets and Systems}
},
@article{Weber1983,
  doi = {10.1016/s0165-0114(83)80073-6},
  url = {https://doi.org/10.1016/s0165-0114(83)80073-6},
  year = {1983},
  publisher = {Elsevier {BV}},
  volume = {11},
  number = {1-3},
  pages = {115--134},
  author = {Siegfried Weber},
  title = {A general concept of fuzzy connectives,  negations and implications based on t-norms and t-conorms},
  journal = {Fuzzy Sets and Systems}
},
@article{Schweizer1961,
  doi = {10.1016/0165-0114(80)90013-5},
  year = {1961},
  author = {Ben Schweizer, Alexander Sklar},
  title = {Associative functions and statistical triangle inequalities},
  journal = {Publ Math Debrecen}
},
